@book{Newham-bash,
	author = {Newham, Cameron and Rosenblatt, Bill.},
	title = {Learning the bash shell},
	publisher = {O'Reilly},
	year = 2005,
	address = {California},
	edition = {3rd ed}
}

@book{Albing-Vosen-Bash,
	author = {Albing, Carl and Vossen},
	title = {Bash cookbook solutions and examples for bash users /},
	publisher = {USA, O Reilly},
	year = {2008},
}
